<collection xmlns="http://www.loc.gov/MARC21/slim">
<record>
  <leader>00446nam0a22000851i 450 </leader>
  <controlfield tag="001">IT\ICCU\CNCE\065589</controlfield>
  <controlfield tag="005">20060810000000.0</controlfield>
  <datafield tag="100" ind1=" " ind2=" ">
    <subfield code="a">20060726             0itac0103    ba</subfield>
  </datafield>
  <datafield tag="200" ind1="1" ind2=" ">
    <subfield code="a">Commentarii Ioannis Ignei viri clariss. I.V. doctoris Aureliani in aliquot constitutiones principum, itemque in aliquot responsa iurisconsultorum (vulgus repetitiones vocat) multo quam ante hac castigatiores: quorum catalogum in sequenti pagina reperies.</subfield>
  </datafield>
  <datafield tag="801" ind1=" " ind2="3">
    <subfield code="a">IT</subfield>
    <subfield code="b">ICCU</subfield>
    <subfield code="c">20201115</subfield>
  </datafield>
</record>
</collection>
